<?xml version="1.0" encoding="UTF-8"?><collection xmlns="http://www.loc.gov/MARC21/slim"><record><leader>00763nam--2200193-i-4500</leader><controlfield tag="001">000024675</controlfield><controlfield tag="002">20161230</controlfield><controlfield tag="005">20170109001610</controlfield><controlfield tag="008">060222s1000------------r-----000-0-eng-d</controlfield><datafield ind1=" " ind2=" " tag="020"><subfield code="a">9201301758</subfield></datafield><datafield ind1=" " ind2=" " tag="040"><subfield code="a">IFIN-HH</subfield></datafield><datafield ind1=" " ind2=" " tag="080"><subfield code="a">539.14(061.3) 539.172.17:539,171.6(075.3)</subfield></datafield><datafield ind1="1" ind2=" " tag="110"><subfield code="a">International Atomic Energy Agency</subfield></datafield><datafield ind1="1" ind2="0" tag="245"><subfield code="a">Heavy-ion, high-spin states and nuclear structure</subfield><subfield code="b">Lectures presented at the International extended seminar on nuclear physics at Trieste from 17 September to 21 December 1973 organized by the International centre for theoretical physics, Trieste</subfield></datafield><datafield ind1=" " ind2=" " tag="260"><subfield code="a">Vienna</subfield><subfield code="b">International Atomic Energy Agency</subfield><subfield code="c">1975</subfield></datafield><datafield ind1=" " ind2=" " tag="300"><subfield code="a">2 volume</subfield></datafield><datafield ind1="1" ind2=" " tag="787"><subfield code="a">Volume II</subfield><subfield code="h">356 p</subfield></datafield><datafield ind1=" " ind2=" " tag="852"><subfield code="a">33352</subfield><subfield code="c">539.14</subfield></datafield><datafield ind1=" " ind2=" " tag="CAT"><subfield code="a">SYS</subfield><subfield code="c">20170109</subfield><subfield code="h">001610</subfield></datafield></record></collection>